<record><leader>00000cas a22000007a 4500</leader><controlfield tag="001">35598186</controlfield><controlfield tag="008">960920d19101923sduwr ne      0    0eng d</controlfield><datafield ind1=" " ind2=" " tag="010"><subfield code="a">sn 96090237 </subfield></datafield><datafield ind1=" " ind2=" " tag="040"><subfield code="a">SXN</subfield><subfield code="b">eng</subfield><subfield code="c">SXN</subfield><subfield code="d">CRL</subfield><subfield code="d">OCLCQ</subfield><subfield code="d">OCLCF</subfield><subfield code="d">OCLCO</subfield></datafield><datafield ind1="1" ind2=" " tag="029"><subfield code="a">AU@</subfield><subfield code="b">000012845334</subfield></datafield><datafield ind1=" " ind2=" " tag="042"><subfield code="a">msc</subfield></datafield><datafield ind1=" " ind2=" " tag="043"><subfield code="a">n-us-sd</subfield></datafield><datafield ind1="0" ind2="4" tag="245"><subfield code="a">The Kadoka press and Kadoka reporter.</subfield></datafield><datafield ind1="3" ind2="0" tag="246"><subfield code="a">Kadoka press</subfield></datafield><datafield ind1=" " ind2=" " tag="260"><subfield code="a">Kadoka, S.D. :</subfield><subfield code="b">Edward T. Nellor,</subfield><subfield code="c">-1923.</subfield></datafield><datafield ind1=" " ind2=" " tag="300"><subfield code="a">v.</subfield></datafield><datafield ind1=" " ind2=" " tag="310"><subfield code="a">Weekly</subfield></datafield><datafield ind1="1" ind2=" " tag="362"><subfield code="a">Began Nov. 18, 1910.</subfield></datafield><datafield ind1="0" ind2=" " tag="362"><subfield code="a">-v. 16, no. 25 (Nov. 2, 1923) = -v. 16, no. 22.</subfield></datafield><datafield ind1=" " ind2=" " tag="515"><subfield code="a">Vol. and issue numbers irregular.</subfield></datafield><datafield ind1=" " ind2=" " tag="530"><subfield code="a">Available on microfilm from: State Archives, South Dakota State Historical Society.</subfield></datafield><datafield ind1=" " ind2=" " tag="580"><subfield code="a">Formed by the union of: Kadoka press, and: Kadoka reporter.</subfield></datafield><datafield ind1=" " ind2=" " tag="588"><subfield code="a">Description based on: Vol. 3, no. 30 (Nov. 25, 1910) = v. 5, no. 18.</subfield></datafield><datafield ind1=" " ind2="0" tag="651"><subfield code="a">Jackson County (S.D.)</subfield><subfield code="v">Newspapers.</subfield></datafield><datafield ind1=" " ind2="4" tag="651"><subfield code="a">Kadoka (S.D.)</subfield><subfield code="v">Newspapers.</subfield></datafield><datafield ind1=" " ind2="7" tag="655"><subfield code="a">Newspapers.</subfield><subfield code="2">fast</subfield><subfield code="0">(OCoLC)fst01423814</subfield></datafield><datafield ind1=" " ind2="7" tag="651"><subfield code="a">South Dakota</subfield><subfield code="z">Jackson County.</subfield><subfield code="2">fast</subfield><subfield code="0">(OCoLC)fst01215542</subfield></datafield><datafield ind1=" " ind2=" " tag="752"><subfield code="a">United States</subfield><subfield code="b">South Dakota</subfield><subfield code="c">Jackson</subfield><subfield code="d">Kadoka.</subfield></datafield><datafield ind1="1" ind2="4" tag="780"><subfield code="t">Kadoka press</subfield><subfield code="w">(DLC)sn 88063157</subfield></datafield><datafield ind1="1" ind2="4" tag="780"><subfield code="t">Kadoka reporter</subfield></datafield><datafield ind1="0" ind2="0" tag="785"><subfield code="t">Kadoka press (Kadoka, S.D. : 1923)</subfield><subfield code="w">(DLC)sn 96090238</subfield></datafield></record>